%%%%%%%%%%%%%%%%%%%%%%%%%%%%%%%%%%%%%%%%%%%%%%%%%%%%%%%%Soft errors
@inproceedings{coleman2016evaluating,
  title={Evaluating a persistent soft fault model on preconditioned iterative methods},
  author={Coleman, Evan and Sosonkina, Masha},
  booktitle={Proceedings of the International Conference on Parallel and Distributed Processing Techniques and Applications (PDPTA)},
  pages={98},
  year={2016},
  organization={The Steering Committee of The World Congress in Computer Science, Computer Engineering and Applied Computing (WorldComp)}
}


@inproceedings{elliott2015numerical,
  title={A numerical soft fault model for iterative linear solvers},
  author={Elliott, James and Hoemmen, Mark and Mueller, Frank},
  booktitle={Proceedings of the 24th International Symposium on High-Performance Parallel and Distributed Computing},
  pages={271--274},
  year={2015},
  organization={ACM}
}

@techreport{elliott2013quantifying,
  title={Quantifying the impact of single bit flips on floating point arithmetic},
  author={Elliott, James and Mueller, Frank and Stoyanov, Miroslav K and Webster, Clayton G},
  year={2013},
  institution={Oak Ridge National Laboratory (ORNL)}
}

@inproceedings{schroeder2009dram,
  title={DRAM errors in the wild: a large-scale field study},
  author={Schroeder, Bianca and Pinheiro, Eduardo and Weber, Wolf-Dietrich},
  booktitle={ACM SIGMETRICS Performance Evaluation Review},
  volume={37},
  number={1},
  pages={193--204},
  year={2009},
  organization={ACM}
}
%%%%%%%%%%%%%%%%%%%%%%%%%%%%%%%%%%%%%%%%%%%%%%%%%%%%%%%%Soft errors



%%%%%%%%%%%%%%%%%%%%%%%%%%%%%%%%%%%%%%%%%%%%%%%%%%%%%%%%RBT
@article{baboulin2013accelerating,
  title={Accelerating linear system solutions using randomization techniques},
  author={Baboulin, Marc and Dongarra, Jack and Herrmann, Julien and Tomov, Stanimire},
  journal={ACM Transactions on Mathematical Software (TOMS)},
  volume={39},
  number={2},
  pages={8},
  year={2013},
  publisher={ACM}
}


@inproceedings{baboulin2015using,
  title={Using random butterfly transformations in parallel Schur complement-based preconditioning},
  author={Baboulin, Marc and Jamal, Aygul and Sosonkina, Masha},
  booktitle={Computer Science and Information Systems (FedCSIS), 2015 Federated Conference on},
  pages={649--654},
  year={2015},
  organization={IEEE}
}
%%%%%%%%%%%%%%%%%%%%%%%%%%%%%%%%%%%%%%%%%%%%%%%%%%%%%%%%RBT

%%%%%%%%%%%%%%%%%%%%%%%%%%%%%%%%%%%%%%%%%%%%%%%%%%%%%%%%Data structure
%hash table on GPU
@book{wen2011gpu,
  title={GPU computing gems emerald edition},
  author={Wen-Mei, W Hwu},
  year={2011},
  publisher={Elsevier}
}

@article{briandaisfile,
  title={File Searching Using Variable Length Keys},
  author={Briandais, Rene de la}
}

%%%%%%%%%%%%%%%%%%%%%%%%%%%%%%%%%%%%%%%%%%%%%%%%%%%%%%%%Data structure

%%%%%%%%%%%%%%%%%%%%%%%%%%%%%%%%%%%%%%%%%%%%%%%%%%%%%%%%DOC Hardware
@article{sodani2016knights,
  title={Knights landing: Second-generation intel xeon phi product},
  author={Sodani, A. and Gramunt, R. and Corbal, J. and Kim, H. and Vinod, K. and Chinthamani, S. and Hutsell, S. and Agarwal, R. and Liu, Y.},
  journal={Ieee micro},
  volume={36},
  number={2},
  pages={34--46},
  year={2016},
  publisher={IEEE}
}

@misc
{docp100,
author={NVIDIA},
title={Tesla {P100 PCIe GPU} Accelerator},
year={2016},
}

@misc
{dock20,
author={NVIDIA},
title={Tesla {K20 GPU} Active Accelerator},
year={2013},
}

@misc
{doce5,
author={INTEL},
title={{Intel® Xeon® Processor E5-2600 v4 Product Family}},
year={2016},
}
@misc
{docopt,
author={AMD},
title={{AMD Opteron™ 6200 Series Processor Quick Reference Guide}},
year={2012},
}
%%%%%%%%%%%%%%%%%%%%%%%%%%%%%%%%%%%%%%%%%%%%%%%%%%%%%%%%DOC Hardware

%%%%%%%%%%%%%%%%%%%%%%%%%%%%%%%%%%%%%%%%%%%%%%%%%%%%%%%%CUDA/GPU
@article{lindholm2008nvidia,
  title={NVIDIA Tesla: A unified graphics and computing architecture},
  author={Erik, L. and John, N. and Stuart, O. and John, M.},
  journal={IEEE micro},
  volume={28},
  number={2},
  year={2008},
  publisher={IEEE}
}

@inproceedings
{coursGPU,
author={A. Abbas Turki, L. },
organization={Université Pierre-et-Marie-Curie},
title={GPU programming and diffusing
parabolic PDEs for financial
applications},
year={2016},
}

@inproceedings
{reduction,
author={Oteski, L. and Ryan, J.},
organization={ONERA},
title={Optimizing Vector Reduction on GPUs},
year={2017},
publisher={GTC San Jose, CA},
}

@inproceedings
{coursGPUonera,
author={A. Cosnuau},
organization={ONERA},
title={Cours GPU},
year={2014},
}

@inproceedings
{doccuda,
author={},
organization={NVIDIA},
title={{CUDA C} Programming Guide},
year={2017},
}


%%%%%%%%%%%%%%%%%%%%%%%%%%%%%%%%%%%%%%%%%%%%%%%%%%%%%%%%CUDA/GPU

%%%%%%%%%%%%%%%%%%%%%%%%%%%%%%%%%%%%%%%%%%%%%%%%%%%%%%%%Algebre
%Filtre de kalman
@inproceedings
{petit2004kalman,
  title={Kalman-filter-based control for adaptive optics},
  author={Petit, C. and Quiros-Pacheco, F. and Conan, J. and Kulcsar, C. and Raynaud, H. and Fusco, T. and Rousset, G.},
  booktitle={SPIE Astronomical Telescopes+ Instrumentation},
  pages={1414--1425},
  year={2004},
  organization={International Society for Optics and Photonics}
}
%---------------------------------------------------------------------------------------------
%Produit matrice vecteur
@article{dziekonski2011memory,
  title={A memory efficient and fast sparse matrix vector product on a GPU},
  author={Dziekonski, A. and Lamecki, A. and Mrozowski, M.},
  journal={Progress In Electromagnetics Research},
  volume={116},
  pages={49--63},
  year={2011},
  publisher={EMW Publishing}
}

@techreport{bell2008efficient,
  title={Efficient sparse matrix-vector multiplication on CUDA},
  author={Bell, N. and Garland, M.},
  year={2008},
  institution={Nvidia Technical Report NVR-2008-004, Nvidia Corporation}
}

@article{hendrickson1995efficient,
  title={An efficient parallel algorithm for matrix-vector multiplication},
  author={Hendrickson, B. and Leland, R. and Plimpton, S.},
  journal={International Journal of High Speed Computing},
  volume={7},
  number={01},
  pages={73--88},
  year={1995},
  publisher={World Scientific}
}

@inproceedings{vazquez2010improving,
  title={Improving the performance of the sparse matrix vector product with GPUs},
  author={Vazquez, F. and Ortega, G. and Fern{\'a}ndez, J. and Garz{\'o}n, E. M.},
  booktitle={Computer and Information Technology (CIT), 2010 IEEE 10th International Conference on},
  pages={1146--1151},
  year={2010},
  organization={IEEE}
}

@article{biermann2010matrix,
  title={Matrix-vector multiplication in the context of the seminar “Parallel Programming and Parallel Algorithms”},
  author={Biermann, A.},
  journal={Westf{\"a}lische Wilhelms-{\"U}niversit{\"a}t M{\"u}nster},
  year={2010}
}

%---------------------------------------------------------------------------------------------
%SVD
@book{golub2012matrix,
  title={Matrix computations},
  author={Golub, G. H. and Van Loan, C. F.},
  volume={3},
  year={2012},
  publisher={JHU Press}
}

@inproceedings{lahabar2009singular,
  title={Singular value decomposition on GPU using CUDA},
  author={Lahabar, S. and Narayanan, P.J.},
  booktitle={Parallel \& Distributed Processing, 2009. IPDPS 2009. IEEE International Symposium on},
  pages={1--10},
  year={2009},
  organization={IEEE}
}

@article{ogden1997singular,
  title={The singular value decomposition and its application in image processing},
  author={Ogden, C. J. and Huff, T.},
  journal={Lin. Algebra-Maths-45, College of Redwoods},
  year={1997}
}
%---------------------------------------------------------------------------------------------
%methodes iteratives
@book{saad2003iterative,
  title={Iterative methods for sparse linear systems},
  author={Saad, Y.},
  year={2003},
  publisher={SIAM}
}

@misc{shewchuk1994introduction,
  title={An introduction to the conjugate gradient method without the agonizing pain},
  author={Shewchuk, J. R. and others},
  year={1994},
  publisher={Carnegie-Mellon University. Department of Computer Science}
}

@article{erhel1996restarted,
  title={Restarted GMRES preconditioned by deflation},
  author={Erhel, J. and Burrage, K. and Pohl, B.},
  journal={Journal of computational and applied mathematics},
  volume={69},
  number={2},
  pages={303--318},
  year={1996},
  publisher={Elsevier}
}


@article{frank2001construction,
  title={On the construction of deflation-based preconditioners},
  author={Frank, J. and Vuik, C.},
  journal={SIAM Journal on Scientific Computing},
  volume={23},
  number={2},
  pages={442--462},
  year={2001},
  publisher={SIAM}
}

@article{grigori2016enlarged,
  title={Enlarged Krylov Subspace Conjugate Gradient Methods for Reducing Communication},
  author={Grigori, L. and Moufawad, S. and Nataf, F.},
  journal={SIAM Journal on Matrix Analysis and Applications},
  volume={37},
  number={2},
  pages={744--773},
  year={2016},
  publisher={SIAM}
}

@book{borwein2012polynomials,
  title={Polynomials and polynomial inequalities},
  author={Borwein, Peter and Erd{\'e}lyi, Tam{\'a}s},
  volume={161},
  year={2012},
  publisher={Springer Science \& Business Media}
}
%%%%%%%%%%%%%%%%%%%%%%%%%%%%%%%%%%%%%%%%%%%%%%%%%%%%%%%%Algebre


%OA Calcul sparse et iterative
@inproceedings{ellerbroek2003computationally,
  title={Computationally efficient wavefront reconstructor for simulation of multiconjugate adaptive optics on giant telescopes},
  author={Ellerbroek, B. L. and Gilles, L. and Vogel, C. R.},
  booktitle={Astronomical Telescopes and Instrumentation},
  pages={989--1000},
  year={2003},
  organization={International Society for Optics and Photonics}
}


@article{ellerbroek2002efficient,
  title={Efficient computation of minimum-variance wave-front reconstructors with sparse matrix techniques},
  author={Ellerbroek, B. L.},
  journal={JOSA A},
  volume={19},
  number={9},
  pages={1803--1816},
  year={2002},
  publisher={Optical Society of America}
}

@article{gilles2001iterative,
  title={Iterative algorithms for large scale wave front reconstruction},
  author={Gilles, L. and Vogel, C. R. and Ellerbroek, B. L.},
  journal={OsA Trends in Optics and Photonics (TOPS) Vol},
  volume={67},
  pages={100--101},
  year={2001}
}
%---------------------------------------------------------------------------------------------
%OA Calcul 
@inproceedings{fedrigo2006sparta,
  title={SPARTA: the ESO standard platform for adaptive optics real time applications},
  author={Fedrigo, E. and Donaldson, R. and Soenke, C. and Myers, R. and Goodsell, S. and Geng, D. and Saunter, C. and Dipper, N.},
  booktitle={SPIE Astronomical Telescopes+ Instrumentation},
  pages={627210--627210},
  year={2006},
  organization={International Society for Optics and Photonics}
}

@article{barr2015reducing,
  title={Reducing adaptive optics latency using Xeon Phi many-core processors},
  author={Barr, D. and Basden, A. and Dipper, N. and Schwartz, N.},
  journal={Monthly Notices of the Royal Astronomical Society},
  volume={453},
  number={3},
  pages={3222--3233},
  year={2015},
  publisher={Oxford University Press}
}

@article{massioni2011fast,
  title={Fast computation of an optimal controller for large-scale adaptive optics},
  author={Massioni, P. and Kulcs{\'a}r, C. and Raynaud, H. and Conan, J.},
  journal={Journal of the Optical Society of America A},
  volume={28},
  number={11},
  pages={2298--2309},
  year={2011},
  publisher={Optical Society of America}
}


@inproceedings{sevin2014enabling,
  title={Enabling technologies for GPU driven adaptive optics real-time control},
  author={Sevin, A. and Perret, D. and Gratadour, D. and Lain{\'e}, M. and Brul{\'e}, J. and Le Ruyet, B.},
  booktitle={SPIE Astronomical Telescopes+ Instrumentation},
  pages={91482G--91482G},
  year={2014},
  organization={International Society for Optics and Photonics}
}
@inproceedings{gratadour2012gpus,
  title={GPUs for adaptive optics: simulations and real-time control},
  author={Gratadour, D. and Sevin, A. and Brul{\'e}, J. and Gendron, {\'E}. and Rousset, G.},
  booktitle={SPIE Astronomical Telescopes+ Instrumentation},
  pages={84475R--84475R},
  year={2012},
  organization={International Society for Optics and Photonics}
}

@article{basden2012durham,
  title={The Durham adaptive optics real-time controller: capability and Extremely Large Telescope suitability},
  author={Basden, A.G. and Myers, R.M.},
  journal={Monthly Notices of the Royal Astronomical Society},
  volume={424},
  number={2},
  pages={1483--1494},
  year={2012},
  publisher={Oxford University Press}
}
%---------------------------------------------------------------------------------------------
%Optique adaptative
@phdthesis{petit2006etude,
  title={Etude de la commande optimale en Optique Adaptative et Optique Adaptative Multi-Conjugu{\'e}e, validation num{\'e}rique et exp{\'e}rimentale.},
  author={Petit, C.},
  year={2006},
  school={Universit{\'e} Paris-Nord-Paris XIII}
}

@article{kulcsar2012minimum,
  title={Minimum variance prediction and control for adaptive optics},
  author={Kulcs{\'a}r, C. and Raynaud, H. and Petit, C. and Conan, J.},
  journal={automatica},
  volume={48},
  number={9},
  pages={1939--1954},
  year={2012},
  publisher={Elsevier}
}


@phdthesis{correia2010conception,
  title={Conception de lois de commande {\`a} hautes performances pour l'optique adaptative des grands/tr{\`e}s grands t{\'e}lescopes},
  author={Correia, C.},
  year={2010},
  school={Universit{\'e} Paris-Nord-Paris XIII}
}


@article{kulcsar2006optimal,
  title={Optimal control, observers and integrators in adaptive optics},
  author={Kulcs{\'a}r, C. and Raynaud, H. and Petit, C. and Conan, J. and de Lesegno, P. V.},
  journal={Optics express},
  volume={14},
  number={17},
  pages={7464--7476},
  year={2006},
  publisher={Optical Society of America}
}
@article{fusco2001optimal,
  title={Optimal wave-front reconstruction strategies for multiconjugate adaptive optics},
  author={Fusco, T. and Conan, J. and Rousset, G. and Mugnier, L. M. and Michau, V.},
  journal={JOSA A},
  volume={18},
  number={10},
  pages={2527--2538},
  year={2001},
  publisher={Optical Society of America}
}


%E-ELT
@article{gilmozzi2007european,
  title={The European extremely large telescope (E-ELT)},
  author={Gilmozzi, R. and Spyromilio, J.},
  journal={The Messenger},
  volume={127},
  number={11},
  pages={3},
  year={2007}
}

@inproceedings{kasper2010epics,
  title={EPICS: direct imaging of exoplanets with the E-ELT},
  author={Kasper, M. and Beuzit, J. and Verinaud, C. and Gratton, R. G. and Kerber, F. and others},
  booktitle={SPIE Astronomical Telescopes+ Instrumentation},
  pages={77352E--77352E},
  year={2010},
  organization={International Society for Optics and Photonics}
}

%VLT
@inproceedings{beuzit2008sphere,
  title={SPHERE: a planet finder instrument for the VLT},
  author={Beuzit, J. and Feldt, M. and Dohlen, K. and Mouillet, D. and Puget, P. and others},
  booktitle={proc. SPIE},
  volume={7014},
  pages={701418},
  year={2008}
}

%%%%%%%%%%%%%%%%%%%%%%%%%%%%%%%%%%%%%%%%%%%%%%%%%%%%%%%%Librairies
@inproceedings
{magma,
author={Abdelfattah, A. and Anzt, H. and Tomov, S. and Haidar, A. and Dongarra, J. and others},
organization={ICL University of Tennessee},
title={{MAGMA}},
year={2016},
}

@inproceedings
{cusparse,
author={L. Chang, and others},
organization={NVIDIA},
title={{cuSPARSE}},
year={2017},
}

@inproceedings
{cusolver,
author={LAPACK, and others},
organization={NVIDIA},
title={{cuSOLVER}},
year={2017},
}

@inproceedings
{cublas,
author={V. Volkov, D. Barbieri, and others},
organization={NVIDIA},
title={{cuBLAS}},
year={2017},
}

@inproceedings
{cub,
author={D. Merrill},
organization={NVIDIA},
title={{CUB}},
year={2016}
}

@inproceedings
{libonera,
title={{Librairie ONERA}},
year={2016},
organization={ONERA},
author={L. Oteski}
}


%PETSc
 @Misc{petsc-web-page,
            author = {Satish Balay and Shrirang Abhyankar and Mark~F. Adams and Jed Brown and Peter Brune
                      and Kris Buschelman and Lisandro Dalcin and Victor Eijkhout and William~D. Gropp
                      and Dinesh Kaushik and Matthew~G. Knepley and Dave~A. May
                      and Lois Curfman McInnes and Karl Rupp and Barry~F. Smith
                      and Stefano Zampini and Hong Zhang and Hong Zhang},
            title =  {{PETS}c {W}eb page},
            url =    {http://www.mcs.anl.gov/petsc},
            howpublished = {\url{http://www.mcs.anl.gov/petsc}},
            year = {2017}
          }

@TechReport{petsc-user-ref,
            author = {Satish Balay and Shrirang Abhyankar and Mark~F. Adams and Jed Brown and Peter Brune
                      and Kris Buschelman and Lisandro Dalcin and Victor Eijkhout and William~D. Gropp
                      and Dinesh Kaushik and Matthew~G. Knepley and Dave~A. May
                      and Lois Curfman McInnes and Karl Rupp and Patrick Sanan and
                      Barry~F. Smith and Stefano Zampini and Hong Zhang and Hong Zhang},
            title  = {{PETS}c Users Manual},
            institution = {Argonne National Laboratory},
            year   = 2017,
            number = {ANL-95/11 - Revision 3.8},
            url    = {http://www.mcs.anl.gov/petsc}
          }

@InProceedings{petsc-efficient,
	Author = "Satish Balay and William D. Gropp and Lois Curfman McInnes and Barry F. Smith",
	Title = "Efficient Management of Parallelism in Object Oriented Numerical Software Libraries",
            Booktitle = "Modern Software Tools in Scientific Computing",
            Editor = "E. Arge and A. M. Bruaset and H. P. Langtangen",
            Pages = "163--202",
            Publisher = "Birkh{\"{a}}user Press",
            Year = "1997"
          }

%pARMS
@techreport(Saad-Suchomel-ARMS-REVIS-TR, 
title={{ARMS}: An Algebraic Recursive Multilevel 
Solver for general sparse linear systems}, 
author={Y. Saad and B. Suchomel},  institution=msi,
address=uofmad,		  
number={umsi-99-107-REVIS},
year={2001},
note={Revised version of umsi-99-107, appeared in NLAA, 9:359-378 (2002)}, 
thanks={Supported in part 
by NSF under grant CCR-9618827, and in part by the
Minnesota Supercomputer Institute})


@misc{sparsehash,
  title = {{Sparsehash}},
  author={Google},
  howpublished = {\url{https://github.com/sparsehash/sparsehash}},
  note = {Accessed: 2018-08-03}
}
%%%%%%%%%%%%%%%%%%%%%%%%%%%%%%%%%%%%%%%%%%%%%%%%%%%%%%%%Librairies

%%%%%%%%%%%%%%%%%%%%%%%%%%%%%%%%%%%%%%%%%%%%%%%%%%%%%%%%Ondelettes
@inproceedings{bowman1997application,
  title={Application of wavelets to wavefront reconstruction in adaptive optical systems},
  author={Bowman, K. W. and Rhodes, W. T.},
  booktitle={Optical Science, Engineering and Instrumentation'97},
  pages={288--299},
  year={1997},
  organization={International Society for Optics and Photonics}
}

@phdthesis{rubeck2012calcul,
  title={Calcul hautes performances pour les formulations int{\'e}grales en {\'e}lectromagn{\'e}tisme basses fr{\'e}quences},
  author={Rubeck, C.},
  year={2012},
  school={Universit{\'e} de Grenoble}
}

@inproceedings{dowla2000fast,
  title={Fast Fourier and wavelet transforms for wavefront reconstruction in adaptive optics},
  author={Dowla, F. U. and Brase, J. M. and Olivier, S. S. and Thompson, C. A.},
  booktitle={International Symposium on Optical Science and Technology},
  pages={118--127},
  year={2000},
  organization={International Society for Optics and Photonics}
}

@phdthesis{waku1993ondelettes,
  title={Ondelettes et applications en imagerie et en calcul de surfaces},
  author={Waku Konomou, J.},
  year={1993}
}

@article{charton1995produits,
  title={Produits rapides matrice-vecteur en bases d'ondelettes: application {\`a} la r{\'e}solution num{\'e}rique d'{\'e}quations aux d{\'e}riv{\'e}s partielles},
  author={Charton, P. and Perrier, V.},
  journal={RAIRO-Mod{\'e}lisation math{\'e}matique et analyse num{\'e}rique},
  volume={29},
  number={6},
  pages={701--747},
  year={1995}
}
%%%%%%%%%%%%%%%%%%%%%%%%%%%%%%%%%%%%%%%%%%%%%%%%%%%%%%%%Ondelettes




%%%%%%%%%%%%%%%%%%%%%%%%%%%%%%%%%%%%%%%%%%%%%%%%%%%%%%%%Optimisation Code
@misc{fog2008optimizing,
  title={Optimizing subroutines in assembly language: An optimization guide for x86 platforms},
  author={Fog, A.},
  year={2008},
  publisher={Copenhagen University College of Engineering}
}

@inproceedings{restrict,
  title={Restricted Pointers in C},
  author={Homer, B.},
  year={1994},
  organization={Numerical C Extensions Group, Aliasing Subcommittee}
}

@inproceedings
{presludomir,
author={L. Oteski},
organization={ONERA},
title={Optimisation de codes pour le calcul scientifique},
month={Février},
year={2017},
}
%%%%%%%%%%%%%%%%%%%%%%%%%%%%%%%%%%%%%%%%%%%%%%%%%%%%%%%%Optimisation Code

%%%%%%%%%%%%%%%%%%%%%%%%%%%%%%%%%%%%%%%%%%%%%%%%%%%%%%%%Combinatorics
@article{hivert2009bihecke,
  title={The biHecke monoid of a finite Coxeter group},
  author={Hivert, Florent and Schilling, Anne and Thi{\'e}ry, Nicolas M},
  journal={arXiv preprint arXiv:0912.2212},
  year={2009}
}

@article{fromentin2016exploring,
  title={Exploring the tree of numerical semigroups},
  author={Fromentin, Jean and Hivert, Florent},
  journal={Mathematics of Computation},
  volume={85},
  number={301},
  pages={2553--2568},
  year={2016}
}

@inproceedings{hivert2017high,
  title={High Performance Computing Experiments in Enumerative and Algebraic Combinatorics},
  author={Hivert, Florent},
  booktitle={Proceedings of the International Workshop on Parallel Symbolic Computation},
  pages={2},
  year={2017},
  organization={ACM}
}

@inproceedings{borie2013generation,
  title={Generation modulo the action of a permutation group},
  author={Borie, Nicolas},
  booktitle={Discrete Mathematics and Theoretical Computer Science},
  pages={767--778},
  year={2013},
  organization={Discrete Mathematics and Theoretical Computer Science}
}

@article{hivert1999combinatoire,
  title={Combinatoire des fonctions quasi-sym{\'e}triques},
  author={Hivert, Florent},
  journal={These de Doctorat, Marne-La-Vall{\'e}e},
  year={1999}
}

@article{pan1966methods,
  title={Methods of computing values of polynomials},
  author={Pan, Vi{\~n}tor Yakovlevich},
  journal={Russian Mathematical Surveys},
  volume={21},
  number={1},
  pages={105--136},
  year={1966},
  publisher={Turpion Ltd}
}

@article{pin2010mathematical,
  title={Mathematical foundations of automata theory},
  author={Pin, Jean-{\'E}ric},
  journal={Lecture notes LIAFA, Universit{\'e} Paris},
  volume={7},
  year={2010}
}


@misc{hpcombi,
  title = {{HPCombi}},
  author={Hivert, Florent},
  howpublished = {\url{https://github.com/hivert/HPCombi}},
  note = {Accessed: 2018-08-03}
}

@misc{libsemigroups,
  title = {{libsemigroups}},
  author={Mitchell, J. D. and Torpey, M.},
  howpublished = {\url{https://github.com/james-d-mitchell/libsemigroups}},
  note = {Accessed: 2018-08-03}
}

%%%%%%%%%%%%%%%%%%%%%%%%%%%%%%%%%%%%%%%%%%%%%%%%%%%%%%%%Combinatorics
